03300000        2000025390640861342300006048323                         ELITON FERNANDO MUSSI BARROS  BANCO SANTANDER                         125072017      000001040                                                                          
03300011R01  030 2000025390640861                    342300006048323     ELITON FERNANDO MUSSI BARROS  APÓS VENCIMENTO MULTA DE 10%            ESTE BOLETO NÃO QUITA DÉBITOS ANTERIORES0000000125072017                                         
0330001300001P 013423000108142110010814211  0040000021260511  4000002126     2511201900000000002500000000 04N24112015300000000000000000000000000000000000000000000000000000000000000000000000000000                         300300000           
0330001300002Q 011000033252621800TAMARA REGINA CORREA PINTO              RUA UGO MUNERATTO N 594                 JD PADRE AUGUS 17213371JAU            SP0000000000000000                                        000000000000                   
0330001300003R 01000000000000000000000000                        200000000000000000000000          DUVIDAS FONE 014 3622-1231 OU 3032-2222 Em caso de dúvidas sobre vazamento de ág                                                             
03300015         000005                                                                                                                                                                                                                         
03399999         000001000007                                                                                                                                                                                                                   